@MastersThesis{Hoock2023,
  author   = {Rafael Hoock},
  school   = {Hochschule Kaiserslautern},
  title    = {{3D} {V}isualisierungs- und {I}nteraktionsmethoden f√ºr einen virtuellen radiologischen {A}rbeitsplatz},
  year     = {2023},
  type     = {Bachelorarbeit},
  keywords = {Abschlussarbeit, Fachbereich Informatik und Mikrosystemtechnik, Medizin, Computergrafik, Volumengrafik},
}


@webpage{Lavik2023,
  author  = {Matias Lavik},
  title   = {{U}nity{V}olume{R}endering},
  url     = {https://github.com/mlavik1/UnityVolumeRendering},
  lastchecked = {2023-02-25},
}


@Comment{jabref-meta: databaseType:biblatex;}
